<?xml version="1.0" encoding="UTF-8"?>
<marc:collection xmlns="http://www.loc.gov/MARC21/slim" xmlns:marc="http://www.loc.gov/MARC21/slim" xmlns:xsi="http://www.w3.org/2001/XMLSchema-instance" xsi:schemaLocation="http://www.loc.gov/standards/marcxml/schema/MARC21slim.xsd http://www.loc.gov/MARC21/slim">
  <record>
    <leader>00000npcaa2200000 u 4500</leader>
    <controlfield tag="008">180202i18841910xx                  eng d</controlfield>
    <datafield ind1=" " ind2=" " tag="040">
      <subfield code="a">DWP</subfield>
      <subfield code="b">eng</subfield>
      <subfield code="c">DWP</subfield>
      <subfield code="e">dacs</subfield>
    </datafield>
    <datafield ind1="0" ind2="7" tag="041">
      <subfield code="a">eng</subfield>
      <subfield code="2">iso639-2b</subfield>
    </datafield>
    <datafield ind1=" " ind2=" " tag="049">
      <subfield code="a">DWP</subfield>
    </datafield>
    <datafield ind1=" " ind2=" " tag="099">
      <subfield code="a">070</subfield>
    </datafield>
    <datafield ind1="0" ind2="0" tag="245">
      <subfield code="a">Choral Society of Washington Collection,</subfield>
      <subfield code="f">1884-1910</subfield>
    </datafield>
    <datafield ind1=" " ind2=" " tag="300">
      <subfield code="a">9</subfield>
      <subfield code="f">linear feet; 6 boxes</subfield>
    </datafield>
    <datafield ind1="2" ind2=" " tag="520">
      <subfield code="a">The materials included in this collection are: clippings, Bulletins, correspondence, programs, tickets, financial records, meeting minutes, and printed items.  The “Book of Blanks,” contains an example of each item printed by the society (programs, tickets, form letters, etc.), the number ordered, and the cost to the Society.  Except for one folder of the earliest meeting minutes, all materials are located in bound volumes.  These bound volumes have been placed in acid-free boxes.</subfield>
    </datafield>
    <datafield ind1=" " ind2=" " tag="545">
      <subfield code="a">The first meeting of the Choral Society of Washington was held on November 7, 1883 in the home of Mr. and Mrs. Jonathan Jay Knox.  At this meeting a singing society was formed with Mr. Harry C. Sherman named conductor.  There were originally 52 members of the Society and Mr. Knox was named its first President.  The society was officially incorporated in May 31, 1892.  It is unknown as to when the organization ceased to be.</subfield>
    </datafield>
    <datafield ind1=" " ind2=" " tag="546">
      <subfield code="a">English.</subfield>
    </datafield>
    <datafield ind1="1" ind2=" " tag="561">
      <subfield code="a">The materials in this collection were originally cataloged as part of the Cutter Collection (+VYRH C45) in Washingtoniana.  They were removed from and accessioned into the DC Community Archives in 1998 and 1999.  The original donor of these materials is unknown.</subfield>
    </datafield>
    <datafield ind1=" " ind2="7" tag="650">
      <subfield code="a">Music</subfield>
      <subfield code="2">Library of Congress Subject Headings</subfield>
    </datafield>
    <datafield ind1=" " ind2=" " tag="852">
      <subfield code="a">DWP</subfield>
    </datafield>
    <datafield ind1="4" ind2="2" tag="856">
      <subfield code="z">Finding aid online:</subfield>
      <subfield code="u">http://washingtoniana.dclibrary.org</subfield>
    </datafield>
  </record>
</marc:collection>

